<?xml version="1.0" encoding="UTF-8"?><record xmlns="http://www.loc.gov/MARC21/slim" xmlns:cinclude="http://apache.org/cocoon/include/1.0" xmlns:zs="http://www.loc.gov/zing/srw/">
  <leader>00374nz  a2200121n  4500</leader>
  <controlfield tag="001">n  90623327 </controlfield>
  <controlfield tag="003">DLC</controlfield>
  <controlfield tag="005">19900322114125.7</controlfield>
  <controlfield tag="008">900322n| acannaab|          |n aaa |||  </controlfield>
  <datafield tag="010" ind1=" " ind2=" ">
    <subfield code="a">n  90623327 </subfield>
  </datafield>
  <datafield tag="040" ind1=" " ind2=" ">
    <subfield code="a">DLC</subfield>
    <subfield code="c">DLC</subfield>
  </datafield>
  <datafield tag="100" ind1="1" ind2="0">
    <subfield code="a">Spear, Martin B.,</subfield>
    <subfield code="d">1945-</subfield>
  </datafield>
  <datafield tag="670" ind1=" " ind2=" ">
    <subfield code="a">McGrath, D. The academic crisis of the community college, c1991:</subfield>
    <subfield code="b">CIP t.p. (Martin B. Spear) data sheet (b. 1945)</subfield>
  </datafield>
</record>